@MISC{WEBSITE:DiagGantt,
	HOWPUBLISHED = "\url{https://es.wikipedia.org/wiki/Diagrama_de_Gantt}",
	AUTHOR = "Wikipedia",
	TITLE = "Diagrama de Gantt",
	MONTH = "10",
	YEAR = "2020",
	URLDATE = {2021-03-07}
}

@MISC{WEBSITE:MasterTestPlan,
	HOWPUBLISHED = "\url{https://docs.google.com/document/d/1-KEsjv7V-AbL9H0XLFSUNzzbdWEjcfdD8p6gnV1Ut7A/edit?usp=sharing}",
	AUTHOR = "Gutiérrez, Lionel",
	TITLE = "Master Test Plan TP final CeIoT Lionel Gutiérrez",
	MONTH = "10",
	YEAR = "2020",
	URLDATE = {2021-03-12}
}

@MISC{WEBSITE:CasosUsoYTest,
	HOWPUBLISHED = "\url{https://docs.google.com/document/d/1RDlGW6ZQfH5MMlm_lq8_HcNIaUIL8euAkz1Hp3-zlKI/edit?usp=sharing}",
	AUTHOR = "Gutiérrez, Lionel",
	TITLE = "Casos de uso y de test del TP final CeIoT Lionel Gutiérrez",
	MONTH = "02",
	YEAR = "2021",
	URLDATE = {2021-03-12}
}

@MISC{WEBSITE:EnvironmentPostman,
	HOWPUBLISHED = "\url{https://learning.postman.com/docs/sending-requests/managing-environments/}",
	AUTHOR = "Postman Learning Center",
	TITLE = "Managing environments in Postman",
	MONTH = "01",
	YEAR = "2021",
	URLDATE = {2021-03-12}
}

@MISC{WEBSITE:Endpoints,
	HOWPUBLISHED = "\url{https://smartbear.com/learn/performance-monitoring/api-endpoints}",
	AUTHOR = "Smartbear",
	TITLE = "What is an API Endpoint?",
	MONTH = "11",
	YEAR = "2018",
	URLDATE = {2021-03-12}
}
 


@MISC{WEBSITE:Mocks,
	HOWPUBLISHED = "\url{https://docs.google.com/document/d/1-KEsjv7V-AbL9H0XLFSUNzzbdWEjcfdD8p6gnV1Ut7A/edit?usp=sharing}",
	AUTHOR = {Jurado, C.B.},
	TITLE = {Dise{\~n}o {\'A}gil con TDD},
	MONTH = "1",
	YEAR = "2020",
	URLDATE = {2021-03-12}
}

@MISC{WEBSITE:modeloTCPIP,
	HOWPUBLISHED = "\url{https://docs.oracle.com/cd/E19957-01/820-2981/ipov-10/}",
	AUTHOR = {Oracle},
	TITLE = {Modelo de arquitectura del protocolo TCP/IP},
	MONTH = "1",
	YEAR = "2010",
	URLDATE = {2021-03-12}
}

@MISC{WEBSITE:IOT,
	HOWPUBLISHED = "\url{https://www.cisco.com/c/dam/global/es_mx/solutions/executive/assets/pdf/internet-of-things-iot-ibsg.pdf}",
	AUTHOR = {Evans, Dave},
	TITLE = {Internet de las cosas. Cómo la próxima evolución de Internet lo cambia todo},
	MONTH = "4",
	YEAR = "2011",
	URLDATE = {2021-03-19}
}

@MISC{WEBSITE:IOTDefinicion,
	HOWPUBLISHED = "\url{https://www.edn.com/sensors-empower-the-internet-of-things/}",
	AUTHOR = {Conner, Margery},
	TITLE = {Sensors empower the ``Internet of Things''},
	MONTH = "5",
	YEAR = "2010",
	URLDATE = {2021-03-19}
}

@MISC{WEBSITE:IOTMIT,
	HOWPUBLISHED = "\url{https://www.rfidjournal.com/that-internet-of-things-thing}",
	AUTHOR = {Ashton, Kevin},
	TITLE = {That ``Internet of Things'' Thing},
	MONTH = "06",
	YEAR = "2009",
	URLDATE = {2021-03-19}
}

@MISC{WEBSITE:IOTFechas,
	HOWPUBLISHED = "\url{https://marketingdigital.bsm.upf.edu/internet-of-things/}",
	AUTHOR = {Koremblit, Micaela},
	TITLE = {Internet of Things: qué es y qué impacto tiene en nuestras vidas},
	MONTH = "02",
	YEAR = "2020",
	URLDATE = {2021-03-19}
}

@MISC{WEBSITE:ControlAcceso,
	HOWPUBLISHED = "\url{https://revistainnovacion.com/nota/10988/como_es_un_sistema_de_control_de_acceso_moderno/}",
	AUTHOR = {Espinosa, Alejandro},
	TITLE = {¿Cómo es un sistema de control de acceso moderno?},
	MONTH = "09",
	YEAR = "2020",
	URLDATE = {2021-03-19}
}

@MISC{WEBSITE:ControlAccesoPersonas,
	HOWPUBLISHED = "\url{https://www.cucorent.com/blog/sistemas-de-control-de-acceso-para-personas/}",
	AUTHOR = {BlogCucorent},
	TITLE = {Los distintos tipos de sistemas de control de acceso para personas que debes conocer},
	MONTH = "05",
	YEAR = "2019",
	URLDATE = {2021-03-19}
}

@MISC{WEBSITE:Ponext,
	HOWPUBLISHED = "\url{https://www.pronext.com.ar/cerradura-smart-app-huella-clave-tarjeta-llave-mecanica-ky-800-1343}",
	AUTHOR = {Ponext},
	TITLE = {Cerradura Smart. APP+ Huella+Clave+Tarjeta+Llave Mecánica - KY 800- Pronext},
	MONTH = "01",
	YEAR = "2021",
	URLDATE = {2021-03-19}
}

@MISC{WEBSITE:Samsung,
	HOWPUBLISHED = "\url{http://www.smartdoorlocks.com.ar/shs-h505}",
	AUTHOR = {Ponext},
	TITLE = {Samsung SmartLock SHS-h505},
	MONTH = "10",
	YEAR = "2019",
	URLDATE = {2021-03-19}
}


@ARTICLE{ARTICLE:1,
    AUTHOR="John Doe",
    TITLE="Title",
    JOURNAL="Journal",
    YEAR="2017",
}

@BOOK{BOOK:1,
    AUTHOR="John Doe",
    TITLE="The Book without Title",
    PUBLISHER="Dummy Publisher",
    YEAR="2100",
}

@INBOOK{BOOK:2,
    AUTHOR="John Doe",
    TITLE="The Book without Title",
    PUBLISHER="Dummy Publisher",
    YEAR="2100",
    PAGES="100-200",
}


@MANUAL{dallas:ds18b20,
    organization  = "Dallas Semiconductor",
    title         = "DS18B20 Programmable Resolution 1-Wire Digital Thermometer",
    number        = "050400",
    year          =  2015,
    note          = "Rev. 3"
}

@book{teton2003,
	title={Gu{\'\i}a t{\'e}cnica de la acuariofilia},
	author={Teton, J.},
	isbn={9788489840249},
	series={Gu{\'\i}as t{\'e}cnicas},
	url={https://books.google.com.ar/books?id=6vrjovWkQicC},
	year={2003},
	publisher={Tursen S.A. - H. Blume}
}

@book{IEEE:citation,
	author={IEEE},
	title={IEEE Citation Reference},
	edition={1},
	url={http://www.ieee.org/documents/ieeecitationref.pdf},
	urldate={2016-9-26},
	publisher={IEEE Publications},
	year={2016}
}

@misc{CIAA,
	author = {{Proyecto CIAA}},
	title = {Computadora Industrial Abierta Argentina},
	url = {http://proyecto-ciaa.com.ar/devwiki/doku.php?id=start},
	note = {Visitado el 2016-06-25},
	year = {2014}
}

@MISC{lpcopen,
   author =	{{NXP Semiconductors}},
   title =	{LPCOPEN v2.16 Drivers, Middleware and Examples},
   url =	{http://www.nxp.com/products/microcontrollers-and-processors/arm-processors/lpc-cortex-m-mcus/software-tools/lpcopen-libraries-and-examples:LPC-OPEN-LIBRARIES},
   note =	{Disponible: 2016-06-25},
 }
 
@MISC{contrib,
	author =	{{Savannah}},
	title =	{lwIP - A Lightweight TCP/IP stack},
	url =	{http://git.savannah.gnu.org/cgit/lwip/lwip-contrib.git},
	note =	{Disponible: 2016-06-25},
 }

@MISC{webserver,
	author =	{{Savannah}},
	title =	{lwIP - Wiki - Sample Web Server},
	url =	{ http://lwip.wikia.com/wiki/Sample_Web_Server},
	note =	{Disponible: 2016-06-25}
 } 
 


@MISC{sensor_pH,
   author =	{dfRobot},
   title =	{PH meter(SKU: SEN0161)},
   url =	{http://www.dfrobot.com/wiki/index.php?title=PH_meter(SKU:_SEN0161)},
   note =	{Disponible: 2016-06-25},
}

@misc{rfc2616,
	series =	{Request for Comments},
	number=		2616,
	howpublished=	{RFC 2616},
	publisher =	{RFC Editor},
	doi =		{10.17487/rfc2616},
	url =		{https://rfc-editor.org/rfc/rfc2616.txt},
	author=		{Jeffrey Mogul and Larry M Masinter and Roy T. Fielding and Jim Gettys and Paul J. Leach and Tim Berners-Lee},
	title=		{{Hypertext Transfer Protocol -- HTTP/1.1}},
	pagetotal =	176,
	year =		2013,
	month =		3,
	day =		2,
	abstract =	{HTTP has been in use by the World-Wide Web global information initiative since 1990. This specification defines the protocol referred to as &quot;HTTP/1.1&quot;, and is an update to RFC 2068. [STANDARDS-TRACK]},
}

@misc{rfc3875,
	series =	{Request for Comments},
	number=		3875,
	howpublished=	{RFC 3875},
	publisher =	{RFC Editor},
	doi =		{10.17487/rfc3875},
	url =		{https://rfc-editor.org/rfc/rfc3875.txt},
	author=		{David Robinson},
	title=		{{The Common Gateway Interface (CGI) Version 1.1}},
	pagetotal =	36,
	year =		2013,
	month =		mar,
	day =		20,
	abstract =	{The Common Gateway Interface (CGI) is a simple interface for running external programs, software or gateways under an information server in a platform-independent manner. Currently, the supported information servers are HTTP servers.},
}

@misc{rfc7540,
	series =	{Request for Comments},
	number=		7540,
	howpublished=	{RFC 7540},
	publisher =	{RFC Editor},
	doi =		{10.17487/rfc7540},
	url =		{https://rfc-editor.org/rfc/rfc7540.txt},
	author=		{Mike Belshe and Roberto Peon and Martin Thomson},
	title=		{{Hypertext Transfer Protocol Version 2 (HTTP/2)}},
	pagetotal =	96,
	year =		2015,
	month =		nov,
	day =		18,
	abstract =	{This specification describes an optimized expression of the semantics of the Hypertext Transfer Protocol (HTTP), referred to as HTTP version 2 (HTTP/2). HTTP/2 enables a more efficient use of network resources and a reduced perception of latency by introducing header field compression and allowing multiple concurrent exchanges on the same connection. It also introduces unsolicited push of representations from servers to clients.},
}